@misc{Mukhi:1999:introduction,
    Author = {Sunil Mukhi},
    Title = {The Theory of Strings: A Detailed Introduction},
    Year = {1999},
    howpublished = {\url{http://theory.tifr.res.in/~mukhi/Physics/string2.html}}
}

@article{Duff:1995:origin,
    Author = {M. J. Duff and James T. Liu and R. Minasian},
    Title = {Eleven Dimensional Origin of String/String Duality: A One Loop Test Center for Theoretical Physics},
    Year = {1995},
    Journal = {Nuclear Physics}
}

@book{Polchinski:1998:stringtheory,
  Author = {Joseph Polchinski},
  Title = {String Theory (Cambridge Monographs on Mathematical Physics)},
  Publisher = {Cambridge University Press},
  Year = {1998},
  ISBN = {0521633125}
}
